@inproceedings{DBLP:conf/usenix/ChenZCCKZ16,
  author    = {Haogang Chen and
               Daniel Ziegler and
               Tej Chajed and
               Adam Chlipala and
               M Frans Kaashoek and
               Nickolai Zeldovich},
  title     = {Using Crash Hoare Logic for Certifying the {FSCQ} File System},
  booktitle = {2016 {USENIX} Annual Technical Conference, {USENIX} {ATC} 2016, Denver,
               CO, USA, June 22-24, 2016.},
  year      = {2016},
  crossref  = {DBLP:conf/usenix/2016},
  doi = {10.1145/2815400.2815402},
  timestamp = {Fri, 08 Jul 2016 13:33:39 +0200},
  biburl    = {http://dblp.uni-trier.de/rec/bib/conf/usenix/ChenZCCKZ16},
  bibsource = {dblp computer science bibliography, http://dblp.org}
}

@proceedings{DBLP:conf/usenix/2016,
  editor    = {Ajay Gulati and
               Hakim Weatherspoon},
  title     = {2016 {USENIX} Annual Technical Conference, {USENIX} {ATC} 2016, Denver,
               CO, USA, June 22-24, 2016},
  publisher = {{USENIX} Association},
  year      = {2016},
  url       = {https://www.usenix.org/conference/atc16},
  timestamp = {Fri, 08 Jul 2016 13:33:08 +0200},
  biburl    = {http://dblp.uni-trier.de/rec/bib/conf/usenix/2016},
  bibsource = {dblp computer science bibliography, http://dblp.org}
}

@inproceedings{ghemawat2003google,
  title={The Google file system},
  author={Ghemawat, Sanjay and Gobioff, Howard and Leung, Shun-Tak},
  booktitle={ACM SIGOPS operating systems review},
  volume={37},
  number={5},
  pages={29--43},
  year={2003},
  organization={ACM},
  doi={10.1145/1165389.945450}
}

@misc{johnson1996,
title={A tour of the Linux VFS},
url={http://www.tldp.org/LDP/khg/HyperNews/get/fs/vfstour.html},
journal={The Linux Documentation Project},
author={Johnson, Michael K},
year={1996}}

@inproceedings{Nelson:2017:HPV:3132747.3132748,
 author = {Nelson, Luke and Sigurbjarnarson, Helgi and Zhang, Kaiyuan and Johnson, Dylan and Bornholt, James and Torlak, Emina and Wang, Xi},
 title = {Hyperkernel: Push-Button Verification of an OS Kernel},
 booktitle = {Proceedings of the 26th Symposium on Operating Systems Principles},
 series = {SOSP '17},
 year = {2017},
 isbn = {978-1-4503-5085-3},
 location = {Shanghai, China},
 pages = {252--269},
 numpages = {18},
 url = {http://doi.acm.org/10.1145/3132747.3132748},
 acmid = {3132748},
 publisher = {ACM},
 address = {New York, NY, USA},
}

@inproceedings{sandberg1985design,
  title={Design and implementation of the Sun network filesystem},
  author={Sandberg, Russel and Goldberg, David and Kleiman, Steve and Walsh, Dan and Lyon, Bob},
  booktitle={Proceedings of the Summer USENIX conference},
  pages={119--130},
  year={1985}
}

@inproceedings{arkoudas2004verifying,
  title={Verifying a file system implementation},
  author={Arkoudas, Konstantine and Zee, Karen and Kuncak, Viktor and Rinard, Martin},
  booktitle={International Conference on Formal Engineering Methods},
  pages={373--390},
  year={2004},
  organization={Springer},
  doi       = {10.1007/978-3-540-30482-1\_32}
}

@inproceedings{klein2009sel4,
  title={seL4: Formal verification of an OS kernel},
  author={Klein, Gerwin and Elphinstone, Kevin and Heiser, Gernot and Andronick, June and Cock, David and Derrin, Philip and Elkaduwe, Dhammika and Engelhardt, Kai and Kolanski, Rafal and Norrish, Michael and others},
  booktitle={Proceedings of the ACM SIGOPS 22nd symposium on Operating systems principles},
  pages={207--220},
  year={2009},
  organization={ACM},
  doi       = {10.1145/1629575.1629596}
}

@inproceedings{ridge2015sibylfs,
  title={SibylFS: formal specification and oracle-based testing for POSIX and real-world file systems},
  author={Ridge, Tom and Sheets, David and Tuerk, Thomas and Giugliano, Andrea and Madhavapeddy, Anil and Sewell, Peter},
  booktitle={Proceedings of the 25th Symposium on Operating Systems Principles},
  pages={38--53},
  year={2015},
  organization={ACM},
  doi       = {10.1145/2815400.2815411}
}

@techreport{bevier1996executable,
  title={An executable model of the Synergy file system},
  author={Bevier, William R and Cohen, Richard M},
  year={1996},
  institution={Technical Report 121, Computational Logic, Inc}
}

@article{keller2014file,
  title={File systems deserve verification too!},
  author={Keller, Gabriele and Murray, Toby and Amani, Sidney and O'Connor, Liam and Chen, Zilin and Ryzhyk, Leonid and Klein, Gerwin and Heiser, Gernot},
  journal={ACM SIGOPS Operating Systems Review},
  volume={48},
  number={1},
  pages={58--64},
  year={2014},
  publisher={ACM},
  doi       = {10.1145/2626401.2626414}
}

@inproceedings{murray2013sel4,
  title={seL4: from general purpose to a proof of information flow enforcement},
  author={Murray, Toby and Matichuk, Daniel and Brassil, Matthew and Gammie, Peter and Bourke, Timothy and Seefried, Sean and Lewis, Corey and Gao, Xin and Klein, Gerwin},
  booktitle={Security and Privacy (SP), 2013 IEEE Symposium on},
  pages={415--429},
  year={2013},
  organization={IEEE},
  doi       = {10.1109/SP.2013.35}
}

@inproceedings{amani2016cogent,
  title={Cogent: Verifying high-assurance file system implementations},
  author={Amani, Sidney and Hixon, Alex and Chen, Zilin and Rizkallah, Christine and Chubb, Peter and O'Connor, Liam and Beeren, Joel and Nagashima, Yutaka and Lim, Japheth and Sewell, Thomas and others},
  booktitle={ACM SIGPLAN Notices},
  volume={51},
  number={4},
  pages={175--188},
  year={2016},
  organization={ACM},
  doi       = {10.1145/2872362.2872404}
}

@misc{microsoft2000, title={Microsoft Extensible Firmware Initiative FAT32 File System Specification}, url={https://download.microsoft.com/download/1/6/1/161ba512-40e2-4cc9-843a-923143f3456c/fatgen103.doc}, author={Microsoft}, year={2000}, month={Dec}}

@inproceedings{kaufmann1996acl2,
  title={ACL2: An industrial strength version of Nqthm},
  author={Kaufmann, Matt and Moore, J Strother},
  booktitle={Computer Assurance, 1996. COMPASS'96, Systems Integrity. Software Safety. Process Security. Proceedings of the Eleventh Annual Conference on},
  pages={23--34},
  year={1996},
  organization={IEEE}
}

@article{abadi1991existence,
  title={The existence of refinement mappings},
  author={Abadi, Mart{\'\i}n and Lamport, Leslie},
  journal={Theoretical Computer Science},
  volume={82},
  number={2},
  pages={253--284},
  year={1991},
  publisher={Elsevier},
  doi       = {10.1016/0304-3975(91)90224-P}
}

@book{kaufmann2000, place={Boston}, title={Computer-aided reasoning: an approach}, publisher={Kluwer Academic Publishers}, author={Kaufmann, Matt and Manolios, Panagiotis and Moore, J Strother}, year={2000},
 doi = {10.1007/978-1-4757-3188-0}}

@book{nipkow2002isabelle,
  title={Isabelle/HOL: a proof assistant for higher-order logic},
  author={Nipkow, Tobias and Paulson, Lawrence C and Wenzel, Markus},
  volume={2283},
  year={2002},
  publisher={Springer Science \& Business Media},
  doi       = {10.1007/3-540-45949-9}
}

@book{bertot2013interactive,
  title={Interactive theorem proving and program development: Coqâ€™Art: the calculus of inductive constructions},
  author={Bertot, Yves and Cast{\'e}ran, Pierre},
  year={2013},
  publisher={Springer Science \& Business Media},
  doi       = {10.1007/978-3-662-07964-5}
}

@inproceedings{de2008z3,
  title={Z3: An efficient SMT solver},
  author={De Moura, Leonardo and Bj{\o}rner, Nikolaj},
  booktitle={International conference on Tools and Algorithms for the Construction and Analysis of Systems},
  pages={337--340},
  year={2008},
  organization={Springer},
  doi       = {10.1007/978-3-540-78800-3\_24}
}

@inproceedings{sigurbjarnarson2016push,
  title={Push-Button Verification of File Systems via Crash Refinement.},
  author={Sigurbjarnarson, Helgi and Bornholt, James and Torlak, Emina and Wang, Xi},
  booktitle={OSDI},
  volume={16},
  pages={1--16},
  year={2016},
  url       = {https://www.usenix.org/conference/atc17/technical-sessions/presentation/sigurbjarnarson}
}

@inproceedings{lamport1993verification,
  title={Verification and specification of concurrent programs},
  author={Lamport, Leslie},
  booktitle={Workshop/School/Symposium of the REX Project (Research and Education in Concurrent Systems)},
  pages={347--374},
  year={1993},
  organization={Springer},
  doi       = {10.1007/3-540-58043-3\_23}
}

@inproceedings{gardner2014local,
  title={Local reasoning for the POSIX file system},
  author={Gardner, Philippa and Ntzik, Gian and Wright, Adam},
  booktitle={European Symposium on Programming Languages and Systems},
  pages={169--188},
  year={2014},
  organization={Springer},
  doi       = {10.1007/978-3-642-54833-8\_10}
}

@incollection{goel2017engineering,
  title={Engineering a formal, executable x86 ISA simulator for software verification},
  author={Goel, Shilpi and Hunt, Warren A and Kaufmann, Matt},
  booktitle={Provably Correct Systems},
  pages={173--209},
  year={2017},
  publisher={Springer},
  doi       = {10.1007/978-3-319-48628-4\_8}
}

@misc{rath2018reference,
  title={The Reference Implementation of the Linux FUSE Interface (libfuse)},
  author={Rath, N and Szeredi, M},
  year={2018}
}

@inproceedings{goel2014simulation,
  title={Simulation and formal verification of x86 machine-code programs that make system calls},
  author={Goel, Shilpi and Hunt Jr, Warren A and Kaufmann, Matt and Ghosh, Soumava},
  booktitle={Formal Methods in Computer-Aided Design (FMCAD), 2014},
  pages={91--98},
  year={2014},
  organization={IEEE},
  doi       = {10.1109/FMCAD.2014.6987600}
}

@misc{hudsonmkfs,
  title={mkfs.fat (8)-Linux manual page, accessed: 09 Jul 2018},
  author={Hudson, Dave and Anvin, Peter and Hodek, Roman}
}

@misc{granlundcp,
  title={cp (1)-Linux manual page, accessed: 09 Jul 2018},
  author={Granlund, Torbjorn and MacKenzie, David and Meyering, Jim}
}

@misc{kerrisklstat,
  title={lstat (2)-Linux manual page, accessed: 09 Jul 2018},
  author={Kerrisk, Michael}
}

@misc{kerriskopen,
  title={open (2)-Linux manual page, accessed: 09 Jul 2018},
  author={Kerrisk, Michael}
}

@misc{kerriskpread,
  title={pread (2)-Linux manual page, accessed: 09 Jul 2018},
  author={Kerrisk, Michael}
}

@misc{kerriskpwrite,
  title={pwrite (2)-Linux manual page, accessed: 09 Jul 2018},
  author={Kerrisk, Michael}
}

@misc{kerriskclose,
  title={close (2)-Linux manual page, accessed: 09 Jul 2018},
  author={Kerrisk, Michael}
}

@misc{kerriskmkdir,
  title={mkdir (2)-Linux manual page, accessed: 09 Jul 2018},
  author={Kerrisk, Michael}
}

@misc{kerriskmknod,
  title={mknod (2)-Linux manual page, accessed: 09 Jul 2018},
  author={Kerrisk, Michael}
}

@misc{rubindd,
  title={dd (1)-Linux manual page, accessed: 09 Jul 2018},
  author={Rubin, Paul and MacKenzie, David and Kemp, Stuart}
}

@inproceedings{boyer2002single,
  title={Single-threaded objects in ACL2},
  author={Boyer, Robert S and Moore, J Strother},
  booktitle={International Symposium on Practical Aspects of Declarative Languages},
  pages={9--27},
  year={2002},
  organization={Springer},
  doi       = {10.1007/3-540-45587-6\_3}
}

@article{cox6xv6,
  title={Xv6, a simple Unix-like teaching operating system, 2016},
  author={Cox, Russ and Kaashoek, M Frans and Morris, Robert T},
  url={http://pdos.csail.mit.edu/6.828/2014/xv6.html}
}

@inproceedings{15-swords-fty,
  author="Sol Swords and Jared Davis",
  title="Fix Your Types",
  booktitle="Proceedings of the Thirteenth International Workshop on the {ACL2} Theorem Prover and its Applications ({ACL2} '15)",
  year=2015,
  month="October",
  doi       = {10.4204/EPTCS.192.2}
}

@misc{kerriskerrno,
  title={errno (3)-Linux manual page, accessed: 07 Sep 2018},
  author={Kerrisk, Michael}
}

@inbook{lkmpgchap4,
  author       = {Salzman, Peter Jay and Pomerantz, Ori},
  title        = {The Linux Kernel Module Programming Guide},
  chapter      = 4,
  year         = 2001,
  url          = {https://www.tldp.org/LDP/lkmpg/2.4/html/c577.htm}
}

@misc{moriacpm,
  title={cpm (5)-Linux manual page, accessed: 07 Sep 2018},
  author={Moria, Michael}
}

@misc{eggertdiff,
  title={diff (1)-Linux manual page, accessed: 07 Sep 2018},
  author={Eggert, Paul and Haertel, Mike and Hayes, David and Stallman, Richard and Tower, Len}
}

@inproceedings{mathur2007new,
  title={The new ext4 filesystem: current status and future plans},
  author={Mathur, Avantika and Cao, Mingming and Bhattacharya, Suparna and Dilger, Andreas and Tomas, Alex and Vivier, Laurent},
  booktitle={Proceedings of the Linux symposium},
  volume={2},
  pages={21--33},
  year={2007}
}

@article{goel2013abstract,
  title={Abstract stobjs and their application to ISA modeling},
  author={Goel, Shilpi and Hunt Jr, Warren A and Kaufmann, Matt},
  journal={arXiv preprint arXiv:1304.7858},
  year={2013},
  doi       = {10.4204/EPTCS.114.5}
}