@inproceedings{DBLP:conf/usenix/ChenZCCKZ16,
  author    = {Haogang Chen and
               Daniel Ziegler and
               Tej Chajed and
               Adam Chlipala and
               M. Frans Kaashoek and
               Nickolai Zeldovich},
  title     = {Using Crash Hoare Logic for Certifying the {FSCQ} File System},
  booktitle = {2016 {USENIX} Annual Technical Conference, {USENIX} {ATC} 2016, Denver,
               CO, USA, June 22-24, 2016.},
  year      = {2016},
  crossref  = {DBLP:conf/usenix/2016},
  url       = {https://www.usenix.org/conference/atc16/technical-sessions/presentation/chen_haogang},
  timestamp = {Fri, 08 Jul 2016 13:33:39 +0200},
  biburl    = {http://dblp.uni-trier.de/rec/bib/conf/usenix/ChenZCCKZ16},
  bibsource = {dblp computer science bibliography, http://dblp.org}
}

@proceedings{DBLP:conf/usenix/2016,
  editor    = {Ajay Gulati and
               Hakim Weatherspoon},
  title     = {2016 {USENIX} Annual Technical Conference, {USENIX} {ATC} 2016, Denver,
               CO, USA, June 22-24, 2016},
  publisher = {{USENIX} Association},
  year      = {2016},
  url       = {https://www.usenix.org/conference/atc16},
  timestamp = {Fri, 08 Jul 2016 13:33:08 +0200},
  biburl    = {http://dblp.uni-trier.de/rec/bib/conf/usenix/2016},
  bibsource = {dblp computer science bibliography, http://dblp.org}
}

@inproceedings{Ghemawat:2003:GFS:945445.945450,
 author = {Ghemawat, Sanjay and Gobioff, Howard and Leung, Shun-Tak},
 title = {The Google File System},
 booktitle = {Proceedings of the Nineteenth ACM Symposium on Operating Systems Principles},
 series = {SOSP '03},
 year = {2003},
 isbn = {1-58113-757-5},
 location = {Bolton Landing, NY, USA},
 pages = {29--43},
 numpages = {15},
 url = {http://doi.acm.org/10.1145/945445.945450},
 doi = {10.1145/945445.945450},
 acmid = {945450},
 publisher = {ACM},
 address = {New York, NY, USA},
 keywords = {clustered storage, data storage, fault tolerance, scalability},
}

@misc{johnson_1996,
title={A tour of the Linux VFS},
url={http://www.tldp.org/LDP/khg/HyperNews/get/fs/vfstour.html},
journal={The Linux Documentation Project},
author={Johnson, Michael K},
year={1996}} 