@inproceedings{DBLP:conf/usenix/ChenZCCKZ16,
  author    = {Haogang Chen and
               Daniel Ziegler and
               Tej Chajed and
               Adam Chlipala and
               M. Frans Kaashoek and
               Nickolai Zeldovich},
  title     = {Using Crash Hoare Logic for Certifying the {FSCQ} File System},
  booktitle = {2016 {USENIX} Annual Technical Conference, {USENIX} {ATC} 2016, Denver,
               CO, USA, June 22-24, 2016.},
  year      = {2016},
  crossref  = {DBLP:conf/usenix/2016},
  url       = {https://www.usenix.org/conference/atc16/technical-sessions/presentation/chen_haogang},
  timestamp = {Fri, 08 Jul 2016 13:33:39 +0200},
  biburl    = {http://dblp.uni-trier.de/rec/bib/conf/usenix/ChenZCCKZ16},
  bibsource = {dblp computer science bibliography, http://dblp.org}
}

@proceedings{DBLP:conf/usenix/2016,
  editor    = {Ajay Gulati and
               Hakim Weatherspoon},
  title     = {2016 {USENIX} Annual Technical Conference, {USENIX} {ATC} 2016, Denver,
               CO, USA, June 22-24, 2016},
  publisher = {{USENIX} Association},
  year      = {2016},
  url       = {https://www.usenix.org/conference/atc16},
  timestamp = {Fri, 08 Jul 2016 13:33:08 +0200},
  biburl    = {http://dblp.uni-trier.de/rec/bib/conf/usenix/2016},
  bibsource = {dblp computer science bibliography, http://dblp.org}
}

@inproceedings{ghemawat2003google,
  title={The Google file system},
  author={Ghemawat, Sanjay and Gobioff, Howard and Leung, Shun-Tak},
  booktitle={ACM SIGOPS operating systems review},
  volume={37},
  number={5},
  pages={29--43},
  year={2003},
  organization={ACM}
}

@misc{johnson_1996,
title={A tour of the Linux VFS},
url={http://www.tldp.org/LDP/khg/HyperNews/get/fs/vfstour.html},
journal={The Linux Documentation Project},
author={Johnson, Michael K},
year={1996}}

@inproceedings{Nelson:2017:HPV:3132747.3132748,
 author = {Nelson, Luke and Sigurbjarnarson, Helgi and Zhang, Kaiyuan and Johnson, Dylan and Bornholt, James and Torlak, Emina and Wang, Xi},
 title = {Hyperkernel: Push-Button Verification of an OS Kernel},
 booktitle = {Proceedings of the 26th Symposium on Operating Systems Principles},
 series = {SOSP '17},
 year = {2017},
 isbn = {978-1-4503-5085-3},
 location = {Shanghai, China},
 pages = {252--269},
 numpages = {18},
 url = {http://doi.acm.org/10.1145/3132747.3132748},
 doi = {10.1145/3132747.3132748},
 acmid = {3132748},
 publisher = {ACM},
 address = {New York, NY, USA},
}
